@webpage{Cetin,
    author =       "Petr Holý",
    title =        "Týden Inovací 2020: 5G sítě - budoucnost pro digitální města",
    howpublished = "video",
    publisher =    "CETIN",
    year =         "2020",
    url =          "https://www.youtube.com/watch?v=-AdXpyS6eJk\&ab_channel=CETIN",
    cited =        "2021-04-20"
}
@webpage{5Gtechnologi,
    title =        "What are eMBB, URLLC and mMTC?",
    howpublished = "online",
    publisher =    "Mediatek",
    year =         "2018",
    url =          "https://www.mediatek.com/blog/5g-what-are-embb-urllc-and-mmtc",
    cited =        "2021-04-20"
}
@webpage{IOT,
    title =        "Internet of things",
    howpublished = "online",
    publisher =    "Wikipedia",
    year =         "2021",
    url =          "https://en.wikipedia.org/wiki/Internet_of_things",
    cited =        "2021-04-20"
}
@webpage{UseCases,
    title =        "5G Applications and Use Cases",
    howpublished = "online",
    publisher =    "Digi",
    year =         "2021",
    url =          "https://www.digi.com/blog/post/5g-applications-and-use-cases",
    cited =        "2021-04-20"
}
@webpage{CloudGaming,
    title =        "Cloud gaming",
    howpublished = "online",
    publisher =    "Wikipedia",
    year =         "2021",
    url =          "https://en.wikipedia.org/wiki/Cloud_gaming",
    cited =        "2021-04-20"
}
@webpage{CloudComputing,
    title =        "Cloud computing",
    howpublished = "online",
    publisher =    "Wikipedia",
    year =         "2021",
    url =          "https://en.wikipedia.org/wiki/Cloud_computing",
    cited =        "2021-04-20"
}
@webpage{5GWikiCZ,
    title =        "5G",
    howpublished = "online",
    publisher =    "Wikipedia",
    year =         "2020",
    url =          "https://cs.wikipedia.org/wiki/5G",
    cited =        "2021-04-20"
}
@webpage{pasma,
    author =       "Connor Craven",
    title =        "What Is the 5G Spectrum? Definition",
    howpublished = "online",
    publisher =    "sdxcentral",
    year =         "2020",
    url =          "https://www.sdxcentral.com/5g/definitions/what-is-5g-spectrum/",
    cited =        "2021-04-20"
}
@webpage{CTU,
    title =        "5G sítě",
    howpublished = "online",
    publisher =    "ČTÚ",
    year =         "2020",
    url =          "https://www.ctu.cz/5g",
    cited =        "2021-04-20"
}
@webpage{BeamForming,
    title =        "Beamforming \& Beamsteering Antennas",
    howpublished = "online",
    publisher =    "Electronicsnotes",
    year =         "2020",
    url =          "https://www.electronics-notes.com/articles/antennas-propagation/smart-adaptive-antennas/beamforming-beamsteering-antenna-basics.php",
    cited =        "2021-04-20"
}
@webpage{BeamFormingObr,
    title =        "How 5G Works",
    howpublished = "online",
    publisher =    "Keysight technologies",
    year =         "2020",
    url =          "https://blogs.keysight.com/blogs/inds.entry.html/2020/08/31/how_5g_works_thedi-E9uz.html",
    cited =        "2021-04-21"
}
@webpage{mmimoObr,
    title =        "5G Massive MIMO Testbed: From Theory to Reality",
    howpublished = "online",
    publisher =    "Ni",
    year =         "2019",
    url =          "https://www.ni.com/cs-cz/innovations/white-papers/14/5g-massive-mimo-testbed--from-theory-to-reality--.html",
    cited =        "2021-04-21"
}
@webpage{QualcommUvod,
    title =        "Everything you need to know about 5G.",
    howpublished = "online",
    publisher =    "Qualcomm",
    year =         "2020",
    url =          "https://www.qualcomm.com/5g/what-is-5g",
    cited =        "2021-04-20"
}
@webpage{Infrastruktura,
    title =        "V ČEM SE LIŠÍ 5G SÍTĚ OD TĚCH DNEŠNÍCH?",
    author =       "Autor Michal Hron",
    howpublished = "online",
    publisher =    "5G a mobilní technologie",
    year =         "2021",
    url =          "https://www.realita5g.cz/2021/02/15/v-cem-se-lisi-5g-site-od-tech-dnesnich-4-hlavni-rozdily/",
    cited =        "2021-04-21"
}
@article{KshetriNir,
    issn = {0018-9162},
    abstract = {<p>As the increased capacity of 5G has changed the process of viewing, managing, and controlling data security, it also brings added security concerns.</p>},
    journal = {Computer (Long Beach, Calif.)},
    pages = {62--66},
    volume = {53},
    publisher = {IEEE},
    number = {3},
    year = {2020},
    title = {5G, Security, and You},
    language = {eng},
    author = {Kshetri, Nir and Voas, Jeffrey},
    keywords = {5g Mobile Communication ; Computer Crime ; Artificial Intelligence ; Government ; Smart Phones ; Computer Hacking ; Engineering ; Government ; Computer Science},
    cited =        "2021-04-21"
}
@webpage{Avast,
    title =        "Avast's Sean Obrey on 5G cybersecurity for consumers",
    author =       "Phil Harvey",
    howpublished = "video",
    publisher =    "Light Reading Video",
    year =         "2020",
    url =          "https://www.youtube.com/watch?v=0uNFVNzpFEs&ab_channel=LightReadingVideo",
    cited =        "2021-04-21"
}
@webpage{Ddos,
    title =        "Denial-of-service attack",
    howpublished = "online",
    publisher =    "Wikipedia",
    year =         "2020",
    url =          "https://en.wikipedia.org/wiki/Denial-of-service_attack",
    cited =        "2021-04-21"
}
@webpage{DdosShield,
    title =        "DDoS Shield",
    howpublished = "online",
    publisher =    "verizon",
    year =         "2021",
    url =          "https://www.verizon.com/business/products/security/network-cloud-security/ddos-shield/",
    cited =        "2021-04-21"
}
@webpage{DdosProtection,
    title =        "DDoS attacks intensify — Driven in part by COVID-19 and 5G",
    howpublished = "online",
    publisher =    "Secutity",
    year =         "2021",
    url =          "https://www.securitymagazine.com/articles/94570-ddos-attacks-intensify-driven-in-part-by-covid-19-and-5g",
    cited =        "2021-04-21"
}
@webpage{Slicing,
    title =        "5G Network Slicing",
    howpublished = "online",
    publisher =    "Viavi",
    year =         "2021",
    url =          "https://www.viavisolutions.com/es-es/node/71717",
    cited =        "2021-04-23"
}
@webpage{Schwarz,
    title =        "R\&S Thirty-Five: 5G security aspects",
    howpublished = "video",
    publisher =    "Rohde Schwarz",
    year =         "2020",
    url =          "https://www.youtube.com/watch?v=RgxHHqSxNlM\&t=639s\&ab_channel=RohdeSchwarz",
    cited =        "2021-04-24"
}
@webpage{autentizace3,
    title =        "A Comparative Introduction to 4G and 5G Authentication",
    howpublished = "online",
    publisher =    "cablelabs",
    year =         "2019",
    url =          "https://www.cablelabs.com/insights/a-comparative-introduction-to-4g-and-5g-authentication",
    cited =        "2021-04-25"
}
@inproceedings{autentizace2,
    pages = {256--261},
    publisher = {IEEE},
    booktitle = {2020 Seventh International Conference on Software Defined Systems (SDS)},
    isbn = {9781728172194},
    year = {2020},
    title = {Formal Verification and Analysis of Primary Authentication based on 5G-AKA Protocol},
    language = {eng},
    author = {Edris, Ed Kamya Kiyemba and Aiash, Mahdi and Loo, Jonathan Kok-Keng},
    keywords = {Protocols ; Authentication ; 5g Mobile Communication ; Tools ; Analytical Models ; Software ; 5g-AKA ; Protocol ; Formal Methods ; Symbolic Verification ; Primary Authentication ; Proverif},
}
@article{KshetriNir20205SaY,
issn = {0018-9162},
abstract = {<p>As the increased capacity of 5G has changed the process of viewing, managing, and controlling data security, it also brings added security concerns.</p>},
journal = {Computer (Long Beach, Calif.)},
pages = {62--66},
volume = {53},
publisher = {IEEE},
number = {3},
year = {2020},
title = {5G, Security, and You},
language = {eng},
author = {Kshetri, Nir and Voas, Jeffrey},
keywords = {5g Mobile Communication ; Computer Crime ; Artificial Intelligence ; Government ; Smart Phones ; Computer Hacking ; Engineering ; Government ; Computer Science},
}


